@misc{sun2025rethinkingbradleyterrymodelspreferencebased,
      title={Rethinking Bradley-Terry Models in Preference-Based Reward Modeling: Foundations, Theory, and Alternatives}, 
      author={Hao Sun and Yunyi Shen and Jean-Francois Ton},
      year={2025},
      eprint={2411.04991},
      archivePrefix={arXiv},
      primaryClass={cs.AI},
      url={https://arxiv.org/abs/2411.04991}, 
}

@misc{shao2024deepseekmathpushinglimitsmathematical,
      title={DeepSeekMath: Pushing the Limits of Mathematical Reasoning in Open Language Models}, 
      author={Zhihong Shao and Peiyi Wang and Qihao Zhu},
      year={2024},
      eprint={2402.03300},
      archivePrefix={arXiv},
      primaryClass={cs.CL},
      url={https://arxiv.org/abs/2402.03300}, 
}

@article{weng2024rewardhack,
  title   = "Reward Hacking in Reinforcement Learning.",
  author  = "Weng, Lilian",
  journal = "lilianweng.github.io",
  year    = "2024",
  month   = "Nov",
  url     = "https://lilianweng.github.io/posts/2024-11-28-reward-hacking/"
}

@misc{llama,
      title={Llama 2: Open Foundation and Fine-Tuned Chat Models}, 
      author={Hugo Touvron and Louis Martin and Kevin Stone},
      year={2023},
      eprint={2307.09288},
      archivePrefix={arXiv},
      primaryClass={cs.CL},
      url={https://arxiv.org/abs/2307.09288}, 
}


@misc{openai2024gpt4technicalreport,
      title={GPT-4 Technical Report}, 
      author={Josh Achiam and Steven Adler and Sandhini Agarwal},
      year={2024},
      eprint={2303.08774},
      archivePrefix={arXiv},
      primaryClass={cs.CL},
      url={https://arxiv.org/abs/2303.08774}, 
}