@article{shlomo2002,
 author = {Daniel S. Bernstein and Robert Givan and Neil Immerman and Shlomo Zilberstein},
 journal = {Mathematics of Operations Research},
 number = {4},
 pages = {819--840},
 publisher = {INFORMS},
 title = {The Complexity of Decentralized Control of Markov Decision Processes},
 urldate = {2024-11-17},
 volume = {27},
 year = {2002}
}

@article{Papadimitriou1987,
  author    = {Christos H. Papadimitriou and John N. Tsitsiklis},
  title     = {The Complexity of Markov Decision Processes},
  journal   = {Mathematics of Operations Research},
  volume    = {12},
  number    = {3},
  pages     = {441--450},
  year      = {1987},
  publisher = {INFORMS},
  doi       = {10.1287/moor.12.3.441},
}

@inproceedings{undecidable,
author = {Madani, Omid and Hanks, Steve and Condon, Anne},
title = {On the undecidability of probabilistic planning and infinite-horizon partially observable Markov decision problems},
year = {1999},
isbn = {0262511061},
publisher = {American Association for Artificial Intelligence},
pages = {541–548},
numpages = {8},
location = {Orlando, Florida, USA},
series = {AAAI '99/IAAI '99}
}

@INPROCEEDINGS{DecPOMDPsurvey,
  author={Amato, Christopher and Chowdhary, Girish and Geramifard, Alborz and Üre, N. Kemal and Kochenderfer, Mykel J.},
  booktitle={52nd IEEE Conference on Decision and Control}, 
  title={Decentralized control of partially observable Markov decision processes}, 
  year={2013},
  volume={},
  number={},
  pages={2398-2405},
  doi={10.1109/CDC.2013.6760239}}


@article{becker2004solving,
  title={Solving transition independent decentralized Markov decision processes},
  author={Becker, Raphen and Zilberstein, Shlomo and Lesser, Victor and Goldman, Claudia V.},
  journal={Journal of Artificial Intelligence Research},
  volume={22},
  pages={423--455},
  year={2004}
}

@inproceedings{Nair2005,
  author    = {Ranjit Nair and Milind Tambe and Makoto Yokoo and David V. Pynadath and Stacy Marsella},
  title     = {Networked Distributed POMDPs: A Synthesis of Distributed Constraint Optimization and POMDPs},
  booktitle = {Proceedings of the 20th National Conference on Artificial Intelligence ({AAAI}-05)},
  year      = {2005},
  pages     = {133--139},
  publisher = {AAAI Press},
}

@inproceedings{hansen2004dynamic,
  title={Dynamic programming for partially observable stochastic games},
  author={Hansen, Eric A and Bernstein, Daniel S and Zilberstein, Shlomo},
  booktitle={AAAI},
  volume={4},
  pages={709--715},
  year={2004}
}

@inproceedings{nair2003taming,
  title={Taming decentralized POMDPs: Towards efficient policy computation for multiagent settings},
  author={Nair, Ranjit and Tambe, Milind and Yokoo, Makoto and Pynadath, David and Marsella, Stacy},
  booktitle={IJCAI},
  volume={3},
  pages={705--711},
  year={2003}
}

@inproceedings{szer2005maa,
  title={MAA*: A heuristic search algorithm for solving decentralized POMDPs},
  author={Szer, Daniel and Charpillet, Fran{\c{c}}ois and Zilberstein, Shlomo},
  booktitle={Proceedings of the 21st Conference on Uncertainty in Artificial Intelligence (UAI)},
  pages={576--590},
  year={2005},
  organization={AUAI Press}
}

@article{Seuken2007,
  author    = {Sven Seuken and Shlomo Zilberstein},
  title     = {Memory-bounded dynamic programming for DECPOMDPs},
  journal   = {Proceedings of the 20th International Joint Conference on Artificial Intelligence (IJCAI)},
  year      = {2007},
  pages     = {2009--2015},
}

@article{Seukenimproved2007,
  author = {Sven Seuken and Shlomo Zilberstein},
  title = {Improved memory-bounded dynamic programming for decentralized POMDPs},
  booktitle = {Proceedings of the Twenty-Third Conference on Uncertainty in Artificial Intelligence},
  year = {2007},
  pages = {344--351}
}

@inproceedings{Carlin2008,
  author = {A. Carlin and S. Zilberstein},
  title = {Value-based observation compression for DEC-POMDPs},
  booktitle = {Proceedings of the Seventh International Conference on Autonomous Agents and Multiagent Systems},
  year = {2008}
}

@inproceedings{Dibangoye2009,
  author = {J. S. Dibangoye and A.-I. Mouaddib and B. Chaib-draa},
  title = {Point-based incremental pruning heuristic for solving finite-horizon DEC-POMDPs},
  booktitle = {Proceedings of the Eighth International Conference on Autonomous Agents and Multiagent Systems},
  year = {2009}
}

@inproceedings{Kumar2010,
  author = {A. Kumar and S. Zilberstein},
  title = {Point-based backup for decentralized POMDPs: complexity and new algorithms},
  booktitle = {Proceedings of the Ninth International Conference on Autonomous Agents and Multiagent Systems},
  year = {2010},
  pages = {1315--1322}
}

@inproceedings{Wu2010,
  author = {F. Wu and S. Zilberstein and X. Chen},
  title = {Point-based policy generation for decentralized POMDPs},
  booktitle = {Proceedings of the Ninth International Conference on Autonomous Agents and Multiagent Systems},
  year = {2010},
  pages = {1307--1314}
}

@article{chi2024diffusionpolicy,
	author = {Cheng Chi and Zhenjia Xu and Siyuan Feng and Eric Cousineau and Yilun Du and Benjamin Burchfiel and Russ Tedrake and Shuran Song},
	title ={Diffusion Policy: Visuomotor Policy Learning via Action Diffusion},
	journal = {The International Journal of Robotics Research},
	year = {2024},
}


@book{sutton2018reinforcement,
  title={Reinforcement Learning: An Introduction},
  author={Sutton, Richard S. and Barto, Andrew G.},
  year={2018},
  publisher={MIT Press},
  edition={2nd},
}