@article{Oliehoek08JAIR,
  author    = {Frans A. Oliehoek and
               Matthijs T. J. Spaan and
               Nikos Vlassis},
  title     = {Optimal and Approximate {Q}-Value Functions for Decentralized {POMDPs}},
  journal   = {Journal of Artificial Intelligence Research},
  volume    = {32},
  pages     = {289--353},
  year      = {2008},
}

@book{sutton2018reinforcement,
  title={Reinforcement Learning: An Introduction},
  author={Sutton, Richard S. and Barto, Andrew G.},
  year={2018},
  publisher={MIT Press},
  edition={2nd},
}