@book{sutton2018reinforcement,
  title={Reinforcement Learning: An Introduction},
  author={Sutton, Richard S. and Barto, Andrew G.},
  year={2018},
  publisher={MIT Press},
  edition={2nd},
}

@book{szepesvari2010algorithms,
  author    = {Csaba Szepesv{\'a}ri},
  title     = {Algorithms for Reinforcement Learning},
  year      = {2010},
  publisher = {Morgan \& Claypool Publishers},
  series    = {Synthesis Lectures on Artificial Intelligence and Machine Learning},
  volume    = {4},
  number    = {1},
  doi       = {10.2200/S00268ED1V01Y201005AIM009},
  isbn      = {9781608454921}
}

@inproceedings{baird1995residual,
  title={Residual algorithms: Reinforcement learning with function approximation},
  author={Baird, Leemon C.},
  booktitle={Machine Learning Proceedings 1995},
  pages={30--37},
  year={1995},
  publisher={Elsevier}
}


@article{watkins1992qlearning,
  author       = {Christopher J. C. H. Watkins and Peter Dayan},
  title        = {Q-learning},
  journal      = {Machine Learning},
  volume       = {8},
  number       = {3--4},
  pages        = {279--292},
  year         = {1992},
  doi          = {10.1007/BF00992698}
}


@article{jaakkola1994convergence,
  author       = {Thomas Jaakkola and Michael I. Jordan and Satinder P. Singh},
  title        = {On the Convergence of Stochastic Iterative Dynamic Programming Algorithms},
  journal      = {Neural Computation},
  volume       = {6},
  number       = {6},
  pages        = {1185--1201},
  year         = {1994},
  doi          = {10.1162/neco.1994.6.6.1185}
}


@book{bellman1957dynamic,
  title     = {Dynamic Programming},
  author    = {Bellman, Richard},
  year      = {1957},
  publisher = {Princeton University Press},
  address   = {Princeton, NJ}
}


