@misc{schulman2017proximalpolicyoptimizationalgorithms,
      title={Proximal Policy Optimization Algorithms}, 
      author={John Schulman and Filip Wolski and Prafulla Dhariwal and Alec Radford and Oleg Klimov},
      year={2017},
      eprint={1707.06347},
      archivePrefix={arXiv},
      primaryClass={cs.LG},
      url={https://arxiv.org/abs/1707.06347}, 
}


@article{brenner2023ppo,
  author    = {Max Brenner},
  title     = {Illustrated Comparison of Different Distributed Versions of PPO},
  journal   = {Medium},
  year      = {2023},
  month     = {February 28},
  url       = {https://medium.com}
}

@article{schulman2015gae,
  author    = {Schulman, John and Moritz, Philipp and Levine, Sergey and Jordan, Michael and Abbeel, Pieter},
  title     = {High-Dimensional Continuous Control Using Generalized Advantage Estimation},
  journal   = {arXiv preprint arXiv:1506.02438},
  year      = {2015},
  archivePrefix = {arXiv},
  eprint    = {1506.02438}
}

@misc{deepseek-math,
  author = {Zhihong Shao, Peiyi Wang, Qihao Zhu, Runxin Xu, Junxiao Song, Mingchuan Zhang, Y.K. Li, Y. Wu, Daya Guo},
  title = {DeepSeekMath: Pushing the Limits of Mathematical Reasoning in Open Language Models},
  journal = {CoRR},
  volume = {abs/2402.03300},
  year = {2024},
  url = {https://arxiv.org/abs/2402.03300},
}

@misc{ippo,
      title={Is Independent Learning All You Need in the StarCraft Multi-Agent Challenge?}, 
      author={Christian Schroeder de Witt and Tarun Gupta and Denys Makoviichuk and Viktor Makoviychuk and Philip H. S. Torr and Mingfei Sun and Shimon Whiteson},
      year={2020},
      eprint={2011.09533},
      archivePrefix={arXiv},
      primaryClass={cs.AI},
      url={https://arxiv.org/abs/2011.09533}, 
}

@misc{mappo,
      title={The Surprising Effectiveness of PPO in Cooperative, Multi-Agent Games}, 
      author={Chao Yu and Akash Velu and Eugene Vinitsky and Jiaxuan Gao and Yu Wang and Alexandre Bayen and Yi Wu},
      year={2022},
      eprint={2103.01955},
      archivePrefix={arXiv},
      primaryClass={cs.LG},
      url={https://arxiv.org/abs/2103.01955}, 
}